  @article{smith201X,
    title        = {An interesting article},
    author       = {John Smith},
    year         = {201X},
    journal      = {Journal of Interesting Articles}
  }